<record><leader>00000cas a2200000 a 4500</leader><controlfield tag="001">12598580</controlfield><controlfield tag="008">850925d19031924ksuwr ne      0    0eng d</controlfield><datafield ind1=" " ind2=" " tag="010"><subfield code="a">sn 85032478 </subfield></datafield><datafield ind1=" " ind2=" " tag="040"><subfield code="a">KSH</subfield><subfield code="b">eng</subfield><subfield code="c">KSH</subfield><subfield code="d">NPT</subfield><subfield code="d">OCL</subfield><subfield code="d">OCLCQ</subfield></datafield><datafield ind1=" " ind2=" " tag="042"><subfield code="a">msc</subfield></datafield><datafield ind1="0" ind2="4" tag="245"><subfield code="a">The Mt. Hope weekly clarion.</subfield></datafield><datafield ind1="3" ind2="0" tag="246"><subfield code="a">Mount Hope weekly clarion</subfield></datafield><datafield ind1=" " ind2=" " tag="260"><subfield code="a">Mt. Hope, Kan. :</subfield><subfield code="b">Fred F. Williams,</subfield><subfield code="c">1903-1924.</subfield></datafield><datafield ind1=" " ind2=" " tag="300"><subfield code="a">23 v. :</subfield><subfield code="b">ill. ;</subfield><subfield code="c">54 cm.</subfield></datafield><datafield ind1=" " ind2=" " tag="310"><subfield code="a">Weekly,</subfield><subfield code="b">July 18, 1919-Oct. 3, 1924</subfield></datafield><datafield ind1=" " ind2=" " tag="321"><subfield code="a">Weekly,</subfield><subfield code="b">Nov. 20, 1903-Feb. 13, 1914</subfield></datafield><datafield ind1=" " ind2=" " tag="321"><subfield code="a">Semiweekly,</subfield><subfield code="b">Feb. 17, 1914-July 11, 1919</subfield></datafield><datafield ind1="0" ind2=" " tag="362"><subfield code="a">Vol. 18, no. 13 (Nov. 20, 1903)-v. 40, no. 7 (Oct. 3, 1924).</subfield></datafield><datafield ind1=" " ind2=" " tag="500"><subfield code="a">Publisher varies.</subfield></datafield><datafield ind1=" " ind2=" " tag="752"><subfield code="a">United States</subfield><subfield code="b">Kansas</subfield><subfield code="c">Sedgwick</subfield><subfield code="d">Mount Hope.</subfield></datafield><datafield ind1="0" ind2="0" tag="780"><subfield code="t">Mt. Hope mentor</subfield><subfield code="w">(DLC)sn 85032477</subfield></datafield><datafield ind1="0" ind2="0" tag="785"><subfield code="t">Mount Hope clarion</subfield><subfield code="w">(DLC)sn 85032479</subfield></datafield><datafield ind1="1" ind2=" " tag="029"><subfield code="a">AU@</subfield><subfield code="b">000022165844</subfield></datafield></record>